% Encoding: UTF-8

@InProceedings{Domahidi2013ecos,
  author    = {Domahidi, A. and Chu, E. and Boyd, S.},
  title     = {{ECOS}: {A}n {SOCP} solver for embedded systems},
  booktitle = {European Control Conference (ECC)},
  year      = {2013},
  pages     = {3071-3076},
}

@InProceedings{Boyd2011,
  author    = {Prof S. Boyd},
  title     = {Alternating Direction Method of Multiplierы},
  booktitle = {Distributed Optimization and Statistical Learning via the Alternating Direction Method of Multipliers (Boyd, Parikh, Chu, Peleato, Eckstein)},
  year      = {2011},
}

@InProceedings{O’Donoghue2016,
  author  = {Brendan O’Donoghue, Eric Chu, Neal Parikh, Stephen Boyd},
  title   = {Conic Optimization via Operator Splitting and Homogeneous Self-Dual Embedding},
  booktitle = {Springer Science+Business Media New York},
  year    = {2016},
}

@Comment{jabref-meta: databaseType:bibtex;}
